@article{Biamonte2017,
  title={Quantum machine learning},
  author={Biamonte, Jacob and Wittek, Peter and Pancotti, Nicola and Rebentrost, Patrick and Wiebe, Nathan and Lloyd, Seth},
  journal={Nature},
  volume={549},
  pages={195--202},
  year={2017}
}

@article{He2016,
  title={Deep residual learning for image recognition},
  author={He, Kaiming and Zhang, Xiangyu and Ren, Shaoqing and Sun, Jian},
  journal={Proceedings of the IEEE Conference on Computer Vision and Pattern Recognition},
  pages={770--778},
  year={2016}
}

@article{Cong2018,
  title={Quantum convolutional neural networks},
  author={Cong, Iris and Choi, Soonwon and Lukin, Mikhail},
  journal={Nature Physics},
  volume={15},
  pages={1273--1278},
  year={2018},
  doi={10.1038/s41567-019-0648-8}
}

@article{Preskill2018,
  title={Quantum computing in the NISQ era and beyond},
  author={Preskill, John},
  journal={Quantum},
  volume={2},
  pages={79},
  year={2018}
}

@article{Nikolaeva2024,
  title={Universal quantum computing with qubits embedded in trapped-ion qudits},
  author={Nikolaeva, Alena S. and Kiktenko, Evgeniy O. and Fedorov, Aleksey K.},
  journal={Physical Review A},
  volume={109},
  pages={022615},
  year={2024}
}

@article{Abbas2020,
  title={The power of quantum neural networks},
  author={Abbas, Amira and Sutter, David and Zoufal, Christa and Lucchi, Aurelien and Figalli, Alessio and Woerner, Stefan},
  journal={Nature Computational Science},
  volume={1},
  pages={403--409},
  year={2020},
  doi={10.1038/s43588-021-00084-1}
}

@article{Song2024,
  title={A resource-efficient quantum convolutional neural network},
  author={Song, Yuxuan and Li, Jianyu and Wu, Yuhan and Qin, Shijie and Wen, Qiaoyan and Gao, Fei},
  journal={Frontiers in Physics},
  year={2024},
  doi={10.3389/fphy.2024.1362690}
}

@article{Zheng2022,
  title={A quantum neural network with efficient optimization and interpretability},
  author={Zheng, Peiying and Wang, Junjie and Zhang, Yuhan},
  journal={arXiv preprint arXiv:2211.05793},
  year={2022},
  doi={10.48550/arXiv.2211.05793}
}

@article{Gao2017,
  title={Efficient representation of quantum many-body states with deep neural networks},
  author={Gao, Xun and Duan, Lu-Ming},
  journal={Nature Communications},
  volume={8},
  pages={1--6},
  year={2017},
  doi={10.1038/s41467-017-00705-2}
}

@article{Li2020,
  title={A quantum deep convolutional neural network for image recognition},
  author={Li, Yunchao and Zhou, Ruqian and Xu, Ruixing and Luo, Jun and Hu, Weilong},
  journal={Quantum Science and Technology},
  volume={5},
  number={4},
  pages={044003},
  year={2020},
  doi={10.1088/2058-9565/ab9f93}
}

@inproceedings{Maheshwari2023,
  title={Resource-efficient Quantum Neuron for Quantum Neural Networks},
  author={Maheshwari, Shubham and Li, Shibo and Bassoli, Riccardo and Fitzek, Frank},
  booktitle={2023 IEEE Globecom Workshops},
  pages={1045--1050},
  year={2023},
  doi={10.1109/GCWkshps58843.2023.10464884}
}

@misc{Kashif2024,
  title={Computational Advantage in Hybrid Quantum Neural Networks: Myth or Reality?},
  author={Kashif, Muhammad and Marchisio, Alberto and Shafique, Muhammad},
  year={2024}
}

@article{Benedetti2019,
  title={Parameterized quantum circuits as machine learning models},
  author={Benedetti, Marcello and Lloyd, Erika and Sack, Stefan and Fiorentini, Mattia},
  journal={Quantum Science and Technology},
  volume={4},
  number={4},
  pages={043001},
  year={2019}
}